@book{gaussian_process,
  author    = {持橋大地 and 大羽成征 and 講談社サイエンティフィク},
  title     = {ガウス過程と機械学習},
  publisher = {講談社},
  year      = {2019},
  series    = {MLP機械学習プロフェッショナルシリーズ}
}
@article{shadowing,
  author   = {Wang, Zhenyu and Tameh, Eustace K. and Nix, Andrew R.},
  journal  = {IEEE trans. veh. technol},
  title    = {Joint Shadowing Process in Urban Peer-to-Peer Radio Channels},
  year     = {2008},
  volume   = {57},
  number   = {1},
  pages    = {52-64},
  keywords = {Shadow mapping;Peer to peer computing;Analytical models;Spread spectrum communication;Ad hoc networks;Radio link;Base stations;Statistical analysis;Performance analysis;Autocorrelation;Ad Hoc;channel model;multihop;shadowing;spatial correlation;urban;Channel model, , , , ,;shadowing;spatial correlation;multi-hop;ad-hoc;urban}
}
@misc{soumu,
  author = {総務省},
  title  = {令和\textup{3}年版情報通信白書},
  year   = {2021}
}
